<record><leader>00000cas a22000007a 4500</leader><controlfield tag="001">41448643</controlfield><controlfield tag="008">990528d18941901sduwr ne      0    0eng d</controlfield><datafield ind1=" " ind2=" " tag="010"><subfield code="a">sn 99068085 </subfield></datafield><datafield ind1=" " ind2=" " tag="040"><subfield code="a">SXN</subfield><subfield code="b">eng</subfield><subfield code="c">SXN</subfield><subfield code="d">OCLCF</subfield><subfield code="d">OCLCO</subfield></datafield><datafield ind1="1" ind2=" " tag="029"><subfield code="a">AU@</subfield><subfield code="b">000020230469</subfield></datafield><datafield ind1=" " ind2=" " tag="042"><subfield code="a">msc</subfield></datafield><datafield ind1=" " ind2=" " tag="043"><subfield code="a">n-us-sd</subfield></datafield><datafield ind1="0" ind2="0" tag="245"><subfield code="a">Chamberlain register and South Dakota palladium.</subfield></datafield><datafield ind1="1" ind2=" " tag="246"><subfield code="i">Issues for Sept. 10, 1896-May 6, 1897 have title:</subfield><subfield code="a">Register and palladium</subfield></datafield><datafield ind1=" " ind2=" " tag="260"><subfield code="a">Chamberlain, S.D. :</subfield><subfield code="b">G.R. Owen,</subfield><subfield code="c">1894-1901.</subfield></datafield><datafield ind1=" " ind2=" " tag="300"><subfield code="a">v.</subfield></datafield><datafield ind1=" " ind2=" " tag="310"><subfield code="a">Weekly</subfield></datafield><datafield ind1="0" ind2=" " tag="362"><subfield code="a">Vol. 13, no. 45 (Apr. 19, 1894)-v. 20, no. 49 (May 16, 1901).</subfield></datafield><datafield ind1=" " ind2=" " tag="530"><subfield code="a">Available on microfilm from: State Archives, South Dakota State Historical Society.</subfield></datafield><datafield ind1=" " ind2="0" tag="651"><subfield code="a">Chamberlain (S.D.)</subfield><subfield code="v">Newspapers.</subfield></datafield><datafield ind1=" " ind2="0" tag="651"><subfield code="a">Brule County (S.D.)</subfield><subfield code="v">Newspapers.</subfield></datafield><datafield ind1=" " ind2="7" tag="655"><subfield code="a">Newspapers.</subfield><subfield code="2">fast</subfield><subfield code="0">(OCoLC)fst01423814</subfield></datafield><datafield ind1=" " ind2="7" tag="651"><subfield code="a">South Dakota</subfield><subfield code="z">Brule County.</subfield><subfield code="2">fast</subfield><subfield code="0">(OCoLC)fst01215574</subfield></datafield><datafield ind1=" " ind2="7" tag="651"><subfield code="a">South Dakota</subfield><subfield code="z">Chamberlain.</subfield><subfield code="2">fast</subfield><subfield code="0">(OCoLC)fst01209674</subfield></datafield><datafield ind1=" " ind2=" " tag="752"><subfield code="a">United States</subfield><subfield code="b">South Dakota</subfield><subfield code="c">Brule</subfield><subfield code="d">Chamberlain.</subfield></datafield><datafield ind1="0" ind2="0" tag="780"><subfield code="t">Chamberlain register (Chamberlain, S.D. : 1887)</subfield><subfield code="w">(DLC)sn 99068084</subfield></datafield><datafield ind1="0" ind2="0" tag="785"><subfield code="t">Chamberlain register (Chamberlain, S.D. : 1901)</subfield><subfield code="w">(DLC)sn 85042712</subfield></datafield></record>